<record><leader>00000cas a22000007a 4500</leader><controlfield tag="001">28385659</controlfield><controlfield tag="008">930706d18591870scuwr ne      0    0eng d</controlfield><datafield ind1=" " ind2=" " tag="010"><subfield code="a">sn 93067835 </subfield></datafield><datafield ind1=" " ind2=" " tag="040"><subfield code="a">SVN</subfield><subfield code="b">eng</subfield><subfield code="c">SVN</subfield><subfield code="d">OCL</subfield><subfield code="d">OCLCQ</subfield><subfield code="d">OCLCF</subfield><subfield code="d">OCLCO</subfield><subfield code="d">SUC</subfield><subfield code="d">OCL</subfield></datafield><datafield ind1=" " ind2=" " tag="042"><subfield code="a">msc</subfield></datafield><datafield ind1=" " ind2=" " tag="043"><subfield code="a">n-us-sc</subfield></datafield><datafield ind1="0" ind2="4" tag="245"><subfield code="a">The Unionville times.</subfield></datafield><datafield ind1=" " ind2=" " tag="260"><subfield code="a">Unionville, S.C. :</subfield><subfield code="b">Benjamin Wallace</subfield></datafield><datafield ind1=" " ind2=" " tag="300"><subfield code="a">v.</subfield></datafield><datafield ind1=" " ind2=" " tag="310"><subfield code="a">Weekly</subfield></datafield><datafield ind1="1" ind2=" " tag="362"><subfield code="a">Began in Jan. 1859; ceased in Dec. 1870?</subfield></datafield><datafield ind1=" " ind2=" " tag="588"><subfield code="a">Description based on: Vol. 1, no. 46 (Nov. 25, 1859).</subfield></datafield><datafield ind1=" " ind2=" " tag="588"><subfield code="a">Latest issue consulted: Vol. 3, no. 26 (Dec. 18, 1868).</subfield></datafield><datafield ind1=" " ind2="0" tag="651"><subfield code="a">Union (S.C.)</subfield><subfield code="v">Newspapers.</subfield></datafield><datafield ind1=" " ind2="0" tag="651"><subfield code="a">Union County (S.C.)</subfield><subfield code="v">Newspapers.</subfield></datafield><datafield ind1=" " ind2="7" tag="651"><subfield code="a">South Carolina</subfield><subfield code="z">Union.</subfield><subfield code="2">fast</subfield><subfield code="0">(OCoLC)fst01222528</subfield></datafield><datafield ind1=" " ind2="7" tag="651"><subfield code="a">South Carolina</subfield><subfield code="z">Union County.</subfield><subfield code="2">fast</subfield><subfield code="0">(OCoLC)fst01205005</subfield></datafield><datafield ind1=" " ind2="7" tag="655"><subfield code="a">Newspapers.</subfield><subfield code="2">fast</subfield><subfield code="0">(OCoLC)fst01423814</subfield></datafield><datafield ind1=" " ind2=" " tag="752"><subfield code="a">United States</subfield><subfield code="b">South Carolina</subfield><subfield code="c">Union</subfield><subfield code="d">Union.</subfield></datafield><datafield ind1="0" ind2="0" tag="780"><subfield code="t">Unionville journal</subfield><subfield code="w">(DLC)sn 86053244</subfield><subfield code="w">(OCoLC)13365181</subfield></datafield><datafield ind1="0" ind2="0" tag="785"><subfield code="t">Weekly Union times (Union, S.C.)</subfield><subfield code="w">(DLC)sn 84026918</subfield><subfield code="w">(OCoLC)10744641</subfield></datafield></record>